<record><leader>00000cas a2200000 a 4500</leader><controlfield tag="001">32032076</controlfield><controlfield tag="008">950222d1995200umnufr n      s0   a0eng c</controlfield><datafield ind1=" " ind2=" " tag="010"><subfield code="a">  2001211897</subfield></datafield><datafield ind1=" " ind2=" " tag="040"><subfield code="a">MNM</subfield><subfield code="b">eng</subfield><subfield code="c">MNM</subfield><subfield code="d">OCL</subfield><subfield code="d">NSD</subfield><subfield code="d">MNM</subfield><subfield code="d">OCL</subfield><subfield code="d">OCLCQ</subfield><subfield code="d">OCLCF</subfield></datafield><datafield ind1=" " ind2=" " tag="012"><subfield code="l">1</subfield></datafield><datafield ind1="0" ind2=" " tag="022"><subfield code="a">1537-6540</subfield><subfield code="l">1537-6540</subfield><subfield code="2">1</subfield></datafield><datafield ind1="1" ind2=" " tag="029"><subfield code="a">AU@</subfield><subfield code="b">000023171101</subfield></datafield><datafield ind1=" " ind2=" " tag="037"><subfield code="b">CSU, 220I, Minnesota State University, Mankato, MN 56001</subfield></datafield><datafield ind1=" " ind2=" " tag="042"><subfield code="a">nsdp</subfield><subfield code="a">pcc</subfield></datafield><datafield ind1=" " ind2="4" tag="050"><subfield code="a">AP2</subfield><subfield code="b">.M57</subfield></datafield><datafield ind1="1" ind2="0" tag="082"><subfield code="a">810</subfield><subfield code="2">13</subfield></datafield><datafield ind1="0" ind2=" " tag="210"><subfield code="a">Minn. River rev.</subfield></datafield><datafield ind1=" " ind2="0" tag="222"><subfield code="a">Minnesota River review</subfield></datafield><datafield ind1="0" ind2="0" tag="245"><subfield code="a">Minnesota River review.</subfield></datafield><datafield ind1=" " ind2=" " tag="260"><subfield code="a">Mankato, Minn. :</subfield><subfield code="b">Mankato State University,</subfield><subfield code="c">1995-</subfield></datafield><datafield ind1=" " ind2=" " tag="300"><subfield code="a">v. :</subfield><subfield code="b">ill. ;</subfield><subfield code="c">23 cm.</subfield></datafield><datafield ind1=" " ind2=" " tag="310"><subfield code="a">Semiannual</subfield></datafield><datafield ind1="0" ind2=" " tag="362"><subfield code="a">Vol. 1, no. 1 (Jan. 1995)-</subfield></datafield><datafield ind1="1" ind2=" " tag="362"><subfield code="a">Ceased with v. 9, no. 1 (winter 2002)?</subfield></datafield><datafield ind1=" " ind2=" " tag="520"><subfield code="a">Mainstream literary journal of fiction, poetry, and art by MSU students, faculty and staff, as well as off-campus individuals.</subfield></datafield><datafield ind1=" " ind2=" " tag="580"><subfield code="a">Vols. for &lt;winter 2000-&gt; published by Minnesota State University, Mankato.</subfield></datafield><datafield ind1="2" ind2="0" tag="610"><subfield code="a">Minnesota State University, Mankato</subfield><subfield code="v">Periodicals.</subfield></datafield><datafield ind1="2" ind2="0" tag="610"><subfield code="a">Mankato State University</subfield><subfield code="v">Periodicals.</subfield></datafield><datafield ind1=" " ind2="0" tag="650"><subfield code="a">College prose, American</subfield><subfield code="z">Minnesota</subfield><subfield code="z">Mankato</subfield><subfield code="v">Periodicals.</subfield></datafield><datafield ind1=" " ind2="0" tag="650"><subfield code="a">College verse, American</subfield><subfield code="z">Minnesota</subfield><subfield code="z">Mankato</subfield><subfield code="v">Periodicals.</subfield></datafield><datafield ind1=" " ind2="0" tag="650"><subfield code="a">College students' writings, American</subfield><subfield code="z">Minnesota</subfield><subfield code="z">Mankato</subfield><subfield code="v">Periodicals.</subfield></datafield><datafield ind1=" " ind2="7" tag="655"><subfield code="a">Periodicals.</subfield><subfield code="2">fast</subfield><subfield code="0">(OCoLC)fst01411641</subfield></datafield><datafield ind1="2" ind2="7" tag="610"><subfield code="a">Mankato State University.</subfield><subfield code="2">fast</subfield><subfield code="0">(OCoLC)fst00562737</subfield></datafield><datafield ind1="2" ind2="7" tag="610"><subfield code="a">Minnesota State University, Mankato.</subfield><subfield code="2">fast</subfield><subfield code="0">(OCoLC)fst00752516</subfield></datafield><datafield ind1=" " ind2="7" tag="650"><subfield code="a">College prose, American.</subfield><subfield code="2">fast</subfield><subfield code="0">(OCoLC)fst00867890</subfield></datafield><datafield ind1=" " ind2="7" tag="650"><subfield code="a">College students' writings, American.</subfield><subfield code="2">fast</subfield><subfield code="0">(OCoLC)fst00868081</subfield></datafield><datafield ind1=" " ind2="7" tag="650"><subfield code="a">College verse, American.</subfield><subfield code="2">fast</subfield><subfield code="0">(OCoLC)fst00868233</subfield></datafield><datafield ind1=" " ind2="7" tag="651"><subfield code="a">Minnesota</subfield><subfield code="z">Mankato.</subfield><subfield code="2">fast</subfield><subfield code="0">(OCoLC)fst01208513</subfield></datafield><datafield ind1="2" ind2=" " tag="710"><subfield code="a">Mankato State University.</subfield></datafield><datafield ind1="2" ind2=" " tag="710"><subfield code="a">Minnesota State University, Mankato.</subfield></datafield><datafield ind1="0" ind2="0" tag="780"><subfield code="t">Muse (Mankato, Minn.)</subfield><subfield code="w">(DLC)sn 82003626</subfield><subfield code="w">(OCoLC)8163647</subfield></datafield><datafield ind1="0" ind2="0" tag="785"><subfield code="t">Blue Earth review</subfield><subfield code="w">(DLC)2004212954</subfield><subfield code="w">(OCoLC)54116767</subfield></datafield><datafield ind1=" " ind2=" " tag="936"><subfield code="a">Winter 2000 LIC</subfield></datafield></record>